<record xmlns="http://www.loc.gov/MARC21/slim">
   <leader>01742cam a22004458i 4500</leader>
   <controlfield tag="001">6861508</controlfield>
   <controlfield tag="003">OCoLC</controlfield>
   <controlfield tag="005">20150211075616.2</controlfield>
   <controlfield tag="008">140911s2015    bcca     b    001 0 eng  </controlfield>
   <datafield ind1=" " ind2=" " tag="020">
      <subfield code="a">9780774828505 (paperback)</subfield>
   </datafield>
   <datafield ind1=" " ind2=" " tag="020">
      <subfield code="a">9780774828499 (bound)</subfield>
   </datafield>
   <datafield ind1=" " ind2=" " tag="020">
      <subfield code="a">0774828498 (bound)</subfield>
   </datafield>
   <datafield ind1=" " ind2=" " tag="035">
      <subfield code="a">ocn875996784</subfield>
   </datafield>
   <datafield ind1=" " ind2=" " tag="039">
      <subfield code="a">exclude</subfield>
   </datafield>
   <datafield ind1=" " ind2=" " tag="040">
      <subfield code="a">NLC</subfield>
      <subfield code="b">eng</subfield>
      <subfield code="e">rda</subfield>
      <subfield code="c">NLC</subfield>
      <subfield code="d">BTCTA</subfield>
      <subfield code="d">OCLCO</subfield>
      <subfield code="d">UKMGB</subfield>
      <subfield code="d">CDX</subfield>
      <subfield code="d">LTSCA</subfield>
      <subfield code="d">YDXCP</subfield>
      <subfield code="d">OCLCF</subfield>
      <subfield code="d">BDX</subfield>
      <subfield code="d">COO</subfield>
      <subfield code="d">MEU</subfield>
      <subfield code="d">AEU</subfield>
   </datafield>
   <datafield ind1=" " ind2=" " tag="043">
      <subfield code="a">n-cn---</subfield>
   </datafield>
   <datafield ind1=" " ind2="4" tag="050">
      <subfield code="a">JL197.N4</subfield>
      <subfield code="b">R49 2015</subfield>
   </datafield>
   <datafield ind1=" " ind2="0" tag="055">
      <subfield code="a">JL197 N4</subfield>
      <subfield code="b">R49 2015</subfield>
   </datafield>
   <datafield ind1="0" ind2="4" tag="082">
      <subfield code="a">324.27107</subfield>
      <subfield code="2">23</subfield>
   </datafield>
   <datafield ind1=" " ind2=" " tag="090">
      <subfield code="a">JL 197 N4 R49 2015</subfield>
      <subfield code="b">AFMK</subfield>
   </datafield>
   <datafield ind1=" " ind2=" " tag="090">
      <subfield code="a">JL 197 N4 R49 2015</subfield>
      <subfield code="b">AEKC</subfield>
   </datafield>
   <datafield ind1="0" ind2="0" tag="245">
      <subfield code="a">Reviving social democracy :</subfield>
      <subfield code="b">the near death and surprising rise of the federal NDP /</subfield>
      <subfield code="c">edited by David Laycock and Lynda Erickson.</subfield>
   </datafield>
   <datafield ind1=" " ind2="1" tag="264">
      <subfield code="a">Vancouver :</subfield>
      <subfield code="b">UBC Press,</subfield>
      <subfield code="c">[2015]</subfield>
   </datafield>
   <datafield ind1=" " ind2="4" tag="264">
      <subfield code="c">©2015</subfield>
   </datafield>
   <datafield ind1=" " ind2=" " tag="300">
      <subfield code="a">viii, 340 pages :</subfield>
      <subfield code="b">illustrations ;</subfield>
      <subfield code="c">24 cm</subfield>
   </datafield>
   <datafield ind1=" " ind2=" " tag="336">
      <subfield code="a">text</subfield>
      <subfield code="b">txt</subfield>
      <subfield code="2">rdacontent</subfield>
   </datafield>
   <datafield ind1=" " ind2=" " tag="337">
      <subfield code="a">unmediated</subfield>
      <subfield code="b">n</subfield>
      <subfield code="2">rdamedia</subfield>
   </datafield>
   <datafield ind1=" " ind2=" " tag="338">
      <subfield code="a">volume</subfield>
      <subfield code="b">nc</subfield>
      <subfield code="2">rdacarrier</subfield>
   </datafield>
   <datafield ind1=" " ind2=" " tag="504">
      <subfield code="a">Includes bibliographical references and index.</subfield>
   </datafield>
   <datafield ind1=" " ind2=" " tag="546">
      <subfield code="a">Text in English.</subfield>
   </datafield>
   <datafield ind1=" " ind2=" " tag="596">
      <subfield code="a">8 31</subfield>
   </datafield>
   <datafield ind1="2" ind2="0" tag="610">
      <subfield code="a">New Democratic Party</subfield>
      <subfield code="x">History</subfield>
      <subfield code="y">20th century.</subfield>
   </datafield>
   <datafield ind1="2" ind2="0" tag="610">
      <subfield code="a">New Democratic Party</subfield>
      <subfield code="x">History</subfield>
      <subfield code="y">21st century.</subfield>
   </datafield>
   <datafield ind1=" " ind2="0" tag="650">
      <subfield code="a">Socialism</subfield>
      <subfield code="z">Canada.</subfield>
   </datafield>
   <datafield ind1="1" ind2=" " tag="700">
      <subfield code="a">Laycock, David,</subfield>
      <subfield code="d">1943-,</subfield>
      <subfield code="e">author,</subfield>
      <subfield code="e">editor.</subfield>
   </datafield>
   <datafield ind1="1" ind2=" " tag="700">
      <subfield code="a">Erickson, Lynda,</subfield>
      <subfield code="d">1954-,</subfield>
      <subfield code="e">author,</subfield>
      <subfield code="e">editor.</subfield>
   </datafield>
   <datafield ind1="1" ind2=" " tag="776">
      <subfield code="t">Reviving social democracy.</subfield>
      <subfield code="w">(CaOONL)20149058837</subfield>
   </datafield>
   <datafield ind1=" " ind2=" " tag="949">
      <subfield code="i">3197900600363</subfield>
      <subfield code="h">SKING-RF-B</subfield>
      <subfield code="l">ON_SHELF</subfield>
   </datafield>
   <datafield ind1=" " ind2=" " tag="926">
      <subfield code="a">JL 197 N4 R49 2015</subfield>
      <subfield code="w">LC</subfield>
      <subfield code="c">1</subfield>
      <subfield code="i">3197900600363</subfield>
      <subfield code="d">11/2/2016</subfield>
      <subfield code="e">10/19/2016</subfield>
      <subfield code="l">ON_SHELF</subfield>
      <subfield code="m">KINGS</subfield>
      <subfield code="n">2</subfield>
      <subfield code="r">Y</subfield>
      <subfield code="s">Y</subfield>
      <subfield code="t">BOOK</subfield>
      <subfield code="u">3/11/2015</subfield>
   </datafield>
   <datafield ind1=" " ind2=" " tag="926">
      <subfield code="a">JL 197 N4 R49 2015</subfield>
      <subfield code="w">LC</subfield>
      <subfield code="c">1</subfield>
      <subfield code="i">34917001458855</subfield>
      <subfield code="l">ON_SHELF</subfield>
      <subfield code="m">KEYANO</subfield>
      <subfield code="r">Y</subfield>
      <subfield code="s">Y</subfield>
      <subfield code="t">BOOK</subfield>
      <subfield code="u">3/7/2016</subfield>
   </datafield>
</record>
